<record><leader>00000cas a2200000 a 4500</leader><controlfield tag="001">26756731</controlfield><controlfield tag="008">921009d18681869iluwr ne      0   a0eng c</controlfield><datafield ind1=" " ind2=" " tag="010"><subfield code="a">sn 92053383 </subfield></datafield><datafield ind1=" " ind2=" " tag="040"><subfield code="a">NVF</subfield><subfield code="b">eng</subfield><subfield code="c">NVF</subfield><subfield code="d">CVF</subfield><subfield code="d">GK8</subfield><subfield code="d">NVF</subfield><subfield code="d">OCLCQ</subfield><subfield code="d">OCLCF</subfield><subfield code="d">NVF</subfield></datafield><datafield ind1=" " ind2=" " tag="042"><subfield code="a">pcc</subfield></datafield><datafield ind1=" " ind2=" " tag="043"><subfield code="a">n-us-il</subfield></datafield><datafield ind1="0" ind2="0" tag="245"><subfield code="a">Dixon weekly herald.</subfield></datafield><datafield ind1="1" ind2="3" tag="246"><subfield code="a">Weekly Dixon herald</subfield></datafield><datafield ind1=" " ind2=" " tag="260"><subfield code="a">Dixon, Ill. :</subfield><subfield code="b">A.C. Bardwell,</subfield><subfield code="c">1868-1869.</subfield></datafield><datafield ind1=" " ind2=" " tag="300"><subfield code="a">v.</subfield></datafield><datafield ind1=" " ind2=" " tag="310"><subfield code="a">Weekly</subfield></datafield><datafield ind1="0" ind2=" " tag="362"><subfield code="a">Vol. 1, no. 1 (Feb. 12, 1868)-v. 2, no. 42 (Nov. 17, 1869).</subfield></datafield><datafield ind1=" " ind2=" " tag="500"><subfield code="a">"Weekly" appears above masthead ornament, Feb. 12-May 27, 1868.</subfield></datafield><datafield ind1=" " ind2=" " tag="580"><subfield code="a">Merged with: Dixon telegraph (Dixon, Ill. : 1867), to form: Telegraph and herald.</subfield></datafield><datafield ind1=" " ind2="0" tag="651"><subfield code="a">Dixon (Ill.)</subfield><subfield code="v">Newspapers.</subfield></datafield><datafield ind1=" " ind2="7" tag="651"><subfield code="a">Illinois</subfield><subfield code="z">Dixon.</subfield><subfield code="2">fast</subfield><subfield code="0">(OCoLC)fst01217732</subfield></datafield><datafield ind1=" " ind2="7" tag="655"><subfield code="a">Newspapers.</subfield><subfield code="2">fast</subfield><subfield code="0">(OCoLC)fst01423814</subfield></datafield><datafield ind1=" " ind2=" " tag="752"><subfield code="a">United States</subfield><subfield code="b">Illinois</subfield><subfield code="c">Lee</subfield><subfield code="d">Dixon.</subfield></datafield><datafield ind1="1" ind2="7" tag="785"><subfield code="t">Dixon telegraph (Dixon, Ill. : 1867)</subfield><subfield code="w">(DLC)sn 92053382</subfield><subfield code="w">(OCoLC)26756666</subfield></datafield><datafield ind1="1" ind2="7" tag="785"><subfield code="t">Telegraph and herald</subfield><subfield code="w">(DLC)sn 85033579</subfield><subfield code="w">(OCoLC)12071865</subfield></datafield><datafield ind1="1" ind2=" " tag="029"><subfield code="a">AU@</subfield><subfield code="b">000020743968</subfield></datafield></record>